%Encoding:UTF-8
@article{num1,
	author={Ping Wang and Tomoe Moore},
	title={Sudden changes in volatility: The case of five central European stock markets},
	journal={Int. Fin. Markets, Inst. and Money},
	volume={19},
	year=2009,
	pages={33-46}
}
